<record><leader>00000cas a22000007a 4500</leader><controlfield tag="001">10255158</controlfield><controlfield tag="008">831229d1866187utxuwr ne      0    0eng d</controlfield><datafield ind1=" " ind2=" " tag="010"><subfield code="a">sn 83021610 </subfield></datafield><datafield ind1=" " ind2=" " tag="040"><subfield code="a">NPX</subfield><subfield code="b">eng</subfield><subfield code="c">NPX</subfield><subfield code="d">MGN</subfield><subfield code="d">OCLCQ</subfield></datafield><datafield ind1=" " ind2=" " tag="042"><subfield code="a">msc</subfield></datafield><datafield ind1=" " ind2=" " tag="043"><subfield code="a">n-us-tx</subfield></datafield><datafield ind1="0" ind2=" " tag="130"><subfield code="a">Weekly ranchero (Brownsville, Tex.)</subfield></datafield><datafield ind1="1" ind2="0" tag="245"><subfield code="a">Weekly ranchero.</subfield></datafield><datafield ind1=" " ind2=" " tag="260"><subfield code="a">Brownsville, Tex. :</subfield><subfield code="b">Maltby &amp; Kinney</subfield></datafield><datafield ind1=" " ind2=" " tag="300"><subfield code="a">v.</subfield></datafield><datafield ind1=" " ind2=" " tag="310"><subfield code="a">Weekly</subfield></datafield><datafield ind1="1" ind2=" " tag="362"><subfield code="a">Began in Oct. 1866?</subfield></datafield><datafield ind1=" " ind2=" " tag="500"><subfield code="a">Published by J.S. Mansur, 1867-</subfield></datafield><datafield ind1=" " ind2=" " tag="580"><subfield code="a">Triweekly/daily English ed.: Ranchero (Brownsville, Tex. : 1866).</subfield></datafield><datafield ind1=" " ind2=" " tag="580"><subfield code="a">Semiweekly Spanish ed.: Democrata (Brownsville, Tex.).</subfield></datafield><datafield ind1=" " ind2=" " tag="588"><subfield code="a">Description based on: Vol. 1, no. 37 (June 15, 1867).</subfield></datafield><datafield ind1=" " ind2=" " tag="752"><subfield code="a">United States</subfield><subfield code="b">Texas</subfield><subfield code="c">Cameron</subfield><subfield code="d">Brownsville.</subfield></datafield><datafield ind1="1" ind2=" " tag="775"><subfield code="t">Ranchero (Brownsville, Tex. : 1866)</subfield></datafield><datafield ind1="1" ind2=" " tag="775"><subfield code="t">Democrata (Brownsville, Tex.)</subfield><subfield code="w">(DLC)sn 86090226</subfield></datafield><datafield ind1="0" ind2="7" tag="785"><subfield code="t">Rio Grande Democrat</subfield></datafield><datafield ind1="0" ind2="7" tag="785"><subfield code="t">Democrat and ranchero</subfield><subfield code="w">(DLC)sn 86071136</subfield></datafield></record>